% This file was created with JabRef 2.7.1.
% Encoding: UTF8

@BOOK{alt2013handbuch,
  title = {Handbuch Interorganisationssysteme: Anwendungen für die Waren-und
	Finanzlogistik.},
  shorthand = {/Handbuch Interorganisationssysteme/},
  publisher = {Springer-Verlag},
  year = {2013},
  author = {Alt, Rainer and Cathomen, Ivo}
}

@TECHREPORT{Beckett:04:RSS,
  author = {Dave Beckett},
  title = {{RDF}/XML Syntax Specification (Revised)},
  shorthand = {/RDF XML/},
  year = {2004},
  type = {{W3C} Recommendation},
  month = {feb},
  note = {\url{http://www.w3.org/TR/2004/REC-rdf-syntax-grammar-20040210/}},
  bibsource = {http://w2.syronex.com/jmr/w3c-biblio},
  url = {http://www.w3.org/TR/2004/REC-rdf-syntax-grammar-20040210/}
}

@ARTICLE{Benslimane2008,
  author = {Benslimane, Djamal and Dustdar, Schahram and Sheth, Amit},
  title = {Services Mashups: The New Generation of Web Applications},
  shorthand = {/Service Mashups/},
  journal = {IEEE Internet Comput.},
  year = {2008},
  volume = {12},
  pages = {13–15},
  number = {5},
  month = {Sep},
  __markedentry = {[sd:6]},
  doi = {10.1109/mic.2008.110},
  issn = {1089-7801},
  owner = {sd},
  publisher = {Institute of Electrical \& Electronics Engineers (IEEE)},
  timestamp = {2015.12.15},
  url = {http://dx.doi.org/10.1109/MIC.2008.110}
}

@OTHER{berners2006linked,
  author = {Berners-Lee, T.},
  note = {(Zugriff am: 2015-12-10)},
  owner = {sd},
  timestamp = {2015.12.14},
  title = {Linked Data - Design Issues},
  shorthand = {/Linked Data/},
  url = {http://www.w3.org/ DesignIssues/LinkedData.html},
  year = {2006}
}

@ARTICLE{berners2001semantic,
  author = {Berners-Lee, Tim and Hendler, James and Lassila, Ora},
  title = {The Semantic Web. A new form of Web content that is meaningful to
	computers will unleash a revolution of new possibilities},
  shorthand = {/Semantic Web/},
  journal = {Scientific American},
  year = {2001},
  volume = {284},
  pages = {S. 1--5},
  number = {5}
}

@INCOLLECTION{blumauer2006semantic,
  author = {Blumauer, Andreas and Pellegrini, Tassilo},
  title = {Semantic Web und semantische Technologien: Zentrale Begriffe und
	Unterscheidungen},
  shorthand = {/Semantic Web/},
  booktitle = {Semantic Web},
  publisher = {Springer Berlin Heidelberg},
  year = {2006},
  editor = {Pellegrini, Tassilo and Blumauer, Andreas},
  series = {X.media.press},
  pages = {9-25},
  doi = {10.1007/3-540-29325-6_2},
  isbn = {978-3-540-29324-8},
  language = {German},
  url = {http://dx.doi.org/10.1007/3-540-29325-6_2}
}

@OTHER{Dekeyzer2013,
  author = {De Keyzer, Michiel and Loutas, Nikolaos and Goedertier, Stijn},
  date = {2015-12-07},
  month = {09},
  note = {(Zugriff am: 2015-12-07)},
  owner = {sd},
  timestamp = {2015.12.07},
  title = {Einführung in RDF \& SPARQL},
  shorthand = {/Einführung RDF/},
  url = {http://www.slideshare.net/OpenDataSupport/d211-training-module-13-introduction-to-rdf-sparql-v03-de},
  year = {2013}
}

@PHDTHESIS{dewilde2015information,
  author = {De Wilde, Max},
  title = {From Information Extraction to Knowledge Discovery: Semantic Enrichment
	of Multilingual Content with Linked Open Data},
  shorthand = {/Information Extraction/},
  school = {Université libre de Bruxelle},
  year = {2015},
  note = {(unveröffentlicht)},
  publisher = {Université libre de Bruxelles},
  url = {http://hdl.handle.net/2013/ULB-DIPOT:oai:dipot.ulb.ac.be:2013/218774}
}

@TECHREPORT{rfc3987,
  author = {M. Duerst and M. Suignard},
  title = {Internationalized Resource Identifiers (IRIs)},
  shorthand = {/IRIs/},
  institution = {RFC Editor},
  year = {2005},
  type = {RFC},
  number = {3987},
  month = {January},
  note = {\url{http://www.rfc-editor.org/rfc/rfc3987.txt}},
  howpublished = {Internet Requests for Comments},
  issn = {2070-1721},
  publisher = {RFC Editor},
  url = {http://www.rfc-editor.org/rfc/rfc3987.txt}
}

@ARTICLE{fettke2006state,
  author = {Fettke, Peter},
  title = {State-of-the-Art des State-of-the-Art},
  shorthand = {/State-of-the-Art/},
  journal = {Wirtschaftsinformatik},
  year = {2006},
  volume = {48},
  pages = {257--266},
  number = {4},
  file = {:/home/sd/DLCI/ke/uni/tuilm/tuilm-shares/WI-5.FS/docear/literature_repository/fettke2006stateOfTheArt.pdf:PDF},
  publisher = {Springer}
}

@BOOK{fleisch2001netzwerkunternehmen,
  title = {Das Netzwerkunternehmen: Strategien und Prozesse zur Steigerung der
	Wettbewerbsfähigkeit in der „Networked economy"},
  shorthand = {/Netzwerkunternehmen/},
  publisher = {Springer-Verlag},
  year = {2001},
  author = {Fleisch, Elgar}
}

@TECHREPORT{Jacobs:04:AWW,
  author = {Ian Jacobs and Norman Walsh},
  title = {Architecture of the World Wide Web, Volume One},
  shorthand = {/Architecture WWW/},
  year = {2004},
  type = {{W3C} Recommendation},
  month = {dec},
  note = {\url{http://www.w3.org/TR/2004/REC-webarch-20041215/}},
  bibsource = {http://w2.syronex.com/jmr/w3c-biblio}
}

@TECHREPORT{Klyne:04:RDF,
  author = {Graham Klyne and Jeremy Carroll},
  title = {Resource Description Framework ({RDF}): Concepts and Abstract Syntax},
  shorthand = {/RDF Concepts/},
  year = {2004},
  type = {{W3C} Recommendation},
  month = {\#feb\#},
  note = {\url{http://www.w3.org/TR/2004/REC-rdf-concepts-20040210/}},
  bibsource = {http://w2.syronex.com/jmr/w3c-biblio}
}

@TECHREPORT{Lassila:99:RMS,
  author = {Lassila, Ora and Swick, Ralph R.},
  title = {Resource Description Framework (RDF) Model and Syntax Specification},
  shorthand = {/RDF Syntax/},
  year = {1999},
  type = {{W3C} Recommendation},
  month = {\#feb\#},
  note = {\url{http://www.w3.org/TR/1999/REC-rdf-syntax-19990222/}}
}

@INCOLLECTION{may2006semantic,
  author = {May, Wolfgang},
  title = {Reasoning im und für das Semantic Web},
  shorthand = {/Reasoning Semantic/},
  booktitle = {Semantic Web},
  publisher = {Springer Berlin Heidelberg},
  year = {2006},
  editor = {Pellegrini, Tassilo and Blumauer, Andreas},
  series = {X.media.press},
  pages = {485-503},
  doi = {10.1007/3-540-29325-6_31},
  isbn = {978-3-540-29324-8},
  language = {German},
  url = {http://dx.doi.org/10.1007/3-540-29325-6_31}
}

@BOOK{Meffert2015,
  title = {Dienstleistungsmarketing},
  shorthand = {/Dienstleistungsmarketing/},
  publisher = {Springer Science + Business Media},
  year = {2015},
  author = {Meffert, Heribert and Bruhn, Manfred and Hadwich, Karsten},
  pages = {4},
  doi = {10.1007/978-3-658-05046-7},
  isbn = {http://id.crossref.org/isbn/978-3-658-05046-7},
  owner = {sd},
  timestamp = {2015.11.17},
  url = {http://dx.doi.org/10.1007/978-3-658-05046-7}
}

@BOOK{rebstock2008ontologies,
  title = {Ontologies-based business integration},
  shorthand = {/Ontologies/},
  publisher = {Springer Science \& Business Media},
  year = {2008},
  author = {Rebstock, Michael and Janina, Fengel and Paulheim, Heiko}
}

@INCOLLECTION{reif2006semantic,
  author = {Reif, Gerald},
  title = {Semantische Annotation},
  shorthand = {/Semantische Annotation/},
  booktitle = {Semantic Web},
  publisher = {Springer Berlin Heidelberg},
  year = {2006},
  editor = {Pellegrini, Tassilo and Blumauer, Andreas},
  series = {X.media.press},
  pages = {405-418},
  doi = {10.1007/3-540-29325-6_26},
  isbn = {978-3-540-29324-8},
  language = {German},
  url = {http://dx.doi.org/10.1007/3-540-29325-6_26}
}

@INPROCEEDINGS{Schissler2004,
  author = {Schissler, Martin and Zeller, Thomas and Mantel, Stephan},
  title = {Überbetriebliche Integration von Anwendungssystemen: Klassifikation
	von Integrationsproblemen und -lösungen},
  shorthand = {/Überbetriebliche Integration/},
  booktitle = {Überbetriebliche Integration von Anwendungssystemen},
  year = {2004},
  editor = {Bartmann, Dieter and Mertens, Peter and Elmar J., Sinz},
  series = {FORWIN-Tagung},
  pages = {1--20},
  address = {Aachen},
  owner = {sd},
  timestamp = {2015.12.08}
}

@TECHREPORT{Schreiber:14:RP,
  author = {Guus Schreiber and Yves Raimond},
  title = {{RDF} 1.1 Primer},
  shorthand = {/RDF Primer/},
  year = {2014},
  type = {{W3C} Note},
  month = {\#jun\#},
  note = {\url{http://www.w3.org/TR/2014/NOTE-rdf11-primer-20140624/}},
  bibsource = {http://w2.syronex.com/jmr/w3c-biblio},
  url = {http://www.w3.org/TR/2014/NOTE-rdf11-primer-20140624/}
}

@INPROCEEDINGS{voigtmann2002enterprise,
  author = {Voigtmann, Peter and Zeller, Thomas},
  title = {Enterprise Application Integration und B2B Integration im Kontext
	von Electronic Business und Elektronischen Marktplätze - Teil I:
	Grundlagen und Anforderungen},
  shorthand = {/Enterprise B2B/},
  booktitle = {Überbetriebliche Integration von Anwendungssystemen},
  year = {2002},
  series = {FORWIN-Bericht-Nr.: FWN-2002-013},
  pages = {16},
  address = {Nürnberg},
  owner = {sd},
  timestamp = {2015.12.08}
}

@ARTICLE{webster2002analyzing,
  author = {Webster, Jane and Watson, Richard T},
  title = {Analyzing the past to prepare for the future: Writing a literature
	review},
  shorthand = {/Literature Review/},
  journal = {Management Information Systems Quarterly},
  year = {2002},
  volume = {26},
  pages = {3},
  number = {2}
}

@OTHER{bmwi2013,
  author = {Bundesministerium~für~Wirtschaft~und~Energie},
  institution = {Bundesministerium für Wirtschaft und Energie (BMWi)},
  month = {12},
  owner = {sd},
  timestamp = {2015.11.23},
  title = {Monitoring-Report Digitale Wirtschaft 2013: Digitalisierung und neue
	Arbeitswelten},
  shorthand = {/Digitale Wirtschaft/},
  url = {http://www.bmwi.de/DE/Mediathek/publikationen,did=625962.html},
  year = {2013}
}

@TECHREPORT{Wood:14:WNR,
  author = {David Wood},
  title = {What's New in {RDF} 1.1},
  shorthand = {/New RDF/},
  year = {2014},
  type = {{W3C} Note},
  month = {feb},
  note = {\url{http://www.w3.org/TR/2014/NOTE-rdf11-new-20140225/}},
  bibsource = {http://w2.syronex.com/jmr/w3c-biblio}
}

@TECHREPORT{Wood:14:RCA,
  author = {David Wood and Markus Lanthaler and Richard Cyganiak},
  title = {{RDF} 1.1 Concepts and Abstract Syntax},
  shorthand = {/RDF Syntax/},
  year = {2014},
  type = {{W3C} Recommendation},
  month = {\#feb\#},
  note = {\url{http://www.w3.org/TR/2014/REC-rdf11-concepts-20140225/}},
  bibsource = {http://w2.syronex.com/jmr/w3c-biblio}
}

